@misc{MIT,
  author = {MIT},
  year={2023},
  title = {{MIT Election Lab}},
  howpublished = {\url{https://electionlab.mit.edu/data}},
  note = {Accessed: 2023-11-15}
}

@misc{FRED,
  authors = {FRED},
  year={2023},
  title = {{Federal Reserve Bank}},
  howpublished = {\url{https://fred.stlouisfed.org/}},
  note = {Accessed: 2023-11-15}
}